@article{tropp2012user,
  title={User-friendly tail bounds for sums of random matrices},
  author={Tropp, Joel A},
  journal={Foundations of computational mathematics},
  volume={12},
  number={4},
  pages={389--434},
  year={2012},
  publisher={Springer}
}

@article{davis1970rotation,
  title={The rotation of eigenvectors by a perturbation. III},
  author={Davis, Chandler and Kahan, William Morton},
  journal={SIAM Journal on Numerical Analysis},
  volume={7},
  number={1},
  pages={1--46},
  year={1970},
  publisher={SIAM}
}

@article{oliveira2009concentration,
  title={Concentration of the adjacency matrix and of the Laplacian in random graphs with independent edges},
  author={Oliveira, Roberto Imbuzeiro},
  journal={arXiv preprint arXiv:0911.0600},
  year={2009}
}

@article{athreya2013limit,
  title={A limit theorem for scaled eigenvectors of random dot product graphs},
  author={Athreya, Avanti and Priebe, CE and Tang, M and Lyzinski, V and Marchette, DJ and Sussman, DL},
  journal={Sankhya A},
  pages={1--18},
  year={2013},
  publisher={Springer}
}
